@article{DBLP:journals/corr/RedmonDGF15,
  author    = {Joseph Redmon and
               Santosh Kumar Divvala and
               Ross B. Girshick and
               Ali Farhadi},
  title     = {You Only Look Once: Unified, Real-Time Object Detection},
  journal   = {2016 IEEE Conference on Computer Vision and Pattern Recognition (CVPR)},
  year={2016},
  pages={779-788}
  url       = {http://arxiv.org/abs/1506.02640},
  archivePrefix = {arXiv},
  eprint    = {1506.02640},
  timestamp = {Wed, 07 Jun 2017 14:40:10 +0200},
  biburl    = {https://dblp.org/rec/bib/journals/corr/RedmonDGF15},
  bibsource = {dblp computer science bibliography, https://dblp.org}
}

@article{DBLP:journals/corr/RedmonF16,
  author    = {Joseph Redmon and
               Ali Farhadi},
  title     = {{YOLO9000:} Better, Faster, Stronger},
  journal={2017 IEEE Conference on Computer Vision and Pattern Recognition (CVPR)},
  year={2017},
  pages={6517-6525}
  url       = {http://arxiv.org/abs/1612.08242},
  archivePrefix = {arXiv},
  eprint    = {1612.08242},
  timestamp = {Wed, 07 Jun 2017 14:40:20 +0200},
  biburl    = {https://dblp.org/rec/bib/journals/corr/RedmonF16},
  bibsource = {dblp computer science bibliography, https://dblp.org}
}

@article{DBLP:journals/corr/LiuAESR15,
  author    = {Wei Liu and
               Dragomir Anguelov and
               Dumitru Erhan and
               Christian Szegedy and
               Scott E. Reed and
               Cheng{-}Yang Fu and
               Alexander C. Berg},
  title     = {{SSD:} Single Shot MultiBox Detector},
  booktitle={ECCV},
  year={2016}
  url       = {http://arxiv.org/abs/1512.02325},
  archivePrefix = {arXiv},
  eprint    = {1512.02325},
  timestamp = {Wed, 07 Jun 2017 14:42:54 +0200},
  biburl    = {https://dblp.org/rec/bib/journals/corr/LiuAESR15},
  bibsource = {dblp computer science bibliography, https://dblp.org}
}

@article{DBLP:journals/corr/abs-1801-04381,
  author    = {Mark Sandler and
               Andrew G. Howard and
               Menglong Zhu and
               Andrey Zhmoginov and
               Liang{-}Chieh Chen},
  title     = {Inverted Residuals and Linear Bottlenecks: Mobile Networks for Classification,
               Detection and Segmentation},
  booktitle = {The IEEE Conference on Computer Vision and Pattern Recognition (CVPR)},
  month = {June},
  year = {2018}
  url       = {http://arxiv.org/abs/1801.04381},
  archivePrefix = {arXiv},
  eprint    = {1801.04381},
  timestamp = {Thu, 01 Feb 2018 19:52:26 +0100},
  biburl    = {https://dblp.org/rec/bib/journals/corr/abs-1801-04381},
  bibsource = {dblp computer science bibliography, https://dblp.org}
}



@article{DBLP:journals/corr/abs-1708-02002,
  author    = {Tsung{-}Yi Lin and
               Priya Goyal and
               Ross B. Girshick and
               Kaiming He and
               Piotr Doll{\'{a}}r},
  title     = {Focal Loss for Dense Object Detection},
  journal={2017 IEEE International Conference on Computer Vision (ICCV)},
  year={2017},
  pages={2999-3007}
  url       = {http://arxiv.org/abs/1708.02002},
  archivePrefix = {arXiv},
  eprint    = {1708.02002},
  timestamp = {Tue, 05 Sep 2017 10:03:46 +0200},
  biburl    = {https://dblp.org/rec/bib/journals/corr/abs-1708-02002},
  bibsource = {dblp computer science bibliography, https://dblp.org}
}

@article{DBLP:journals/corr/abs-1804-02767,
  author    = {Joseph Redmon and
               Ali Farhadi},
  title     = {YOLOv3: An Incremental Improvement},
  journal   = {CoRR},
  volume    = {abs/1804.02767},
  year      = {2018},
  url       = {http://arxiv.org/abs/1804.02767},
  archivePrefix = {arXiv},
  eprint    = {1804.02767},
  timestamp = {Tue, 01 May 2018 19:46:29 +0200},
  biburl    = {https://dblp.org/rec/bib/journals/corr/abs-1804-02767},
  bibsource = {dblp computer science bibliography, https://dblp.org}
}

@article{DBLP:journals/corr/HowardZCKWWAA17,
  author    = {Andrew G. Howard and
               Menglong Zhu and
               Bo Chen and
               Dmitry Kalenichenko and
               Weijun Wang and
               Tobias Weyand and
               Marco Andreetto and
               Hartwig Adam},
  title     = {MobileNets: Efficient Convolutional Neural Networks for Mobile Vision
               Applications},
  journal   = {CoRR},
  volume    = {abs/1704.04861},
  year      = {2017},
  url       = {http://arxiv.org/abs/1704.04861},
  archivePrefix = {arXiv},
  eprint    = {1704.04861},
  timestamp = {Wed, 07 Jun 2017 14:40:11 +0200},
  biburl    = {https://dblp.org/rec/bib/journals/corr/HowardZCKWWAA17},
  bibsource = {dblp computer science bibliography, https://dblp.org}
}





